@inproceedings{yao2009three,
  title        = {Three-way decision: an interpretation of rules in rough set theory},
  author       = {Yao, Yiyu},
  booktitle    = {International Conference on Rough Sets and Knowledge Technology},
  pages        = {642--649},
  year         = {2009},
  organization = {Springer}
}
@article{yao2011superiority,
  title     = {The superiority of three-way decisions in probabilistic rough set models},
  author    = {Yao, Yiyu},
  journal   = {Information Sciences},
  volume    = {181},
  number    = {6},
  pages     = {1080--1096},
  year      = {2011},
  publisher = {Elsevier}
}
@article{yao2010three,
  title     = {Three-way decisions with probabilistic rough sets},
  author    = {Yao, Yiyu},
  journal   = {Information sciences},
  volume    = {180},
  number    = {3},
  pages     = {341--353},
  year      = {2010},
  publisher = {Elsevier}
}